<record><leader>00000cas a2200000 a 4500</leader><controlfield tag="001">24396683</controlfield><controlfield tag="008">910917c19069999iluwr ne      0   a0eng c</controlfield><datafield ind1=" " ind2=" " tag="010"><subfield code="a">sn 91055305 </subfield></datafield><datafield ind1=" " ind2=" " tag="040"><subfield code="a">NVF</subfield><subfield code="b">eng</subfield><subfield code="c">NVF</subfield><subfield code="d">NVF</subfield><subfield code="d">OCLCF</subfield><subfield code="d">OCLCO</subfield></datafield><datafield ind1="1" ind2=" " tag="029"><subfield code="a">AU@</subfield><subfield code="b">000020683205</subfield></datafield><datafield ind1=" " ind2=" " tag="042"><subfield code="a">pcc</subfield></datafield><datafield ind1=" " ind2=" " tag="043"><subfield code="a">n-us-il</subfield></datafield><datafield ind1="0" ind2=" " tag="130"><subfield code="a">Cissna Park news (Cissna Park, Ill. : 1906)</subfield></datafield><datafield ind1="1" ind2="4" tag="245"><subfield code="a">The Cissna Park news.</subfield></datafield><datafield ind1=" " ind2=" " tag="260"><subfield code="a">Cissna Park, Ill. :</subfield><subfield code="b">A.J. Helmer</subfield></datafield><datafield ind1=" " ind2=" " tag="300"><subfield code="a">v.</subfield></datafield><datafield ind1=" " ind2=" " tag="310"><subfield code="a">Weekly</subfield></datafield><datafield ind1="1" ind2=" " tag="362"><subfield code="a">Began in 1906.</subfield></datafield><datafield ind1=" " ind2=" " tag="580"><subfield code="a">Other ed.: Rankin independent, Sept. 3, 1976-  ; only the title page is different.</subfield></datafield><datafield ind1=" " ind2=" " tag="588"><subfield code="a">Description based on: Vol. 1, no. 2 (June 8, 1906).</subfield></datafield><datafield ind1=" " ind2="0" tag="651"><subfield code="a">Cissna Park (Ill.)</subfield><subfield code="v">Newspapers.</subfield></datafield><datafield ind1=" " ind2="7" tag="655"><subfield code="a">Newspapers.</subfield><subfield code="2">fast</subfield><subfield code="0">(OCoLC)fst01423814</subfield></datafield><datafield ind1=" " ind2="7" tag="651"><subfield code="a">Illinois</subfield><subfield code="z">Cissna Park.</subfield><subfield code="2">fast</subfield><subfield code="0">(OCoLC)fst01229959</subfield></datafield><datafield ind1=" " ind2=" " tag="752"><subfield code="a">United States</subfield><subfield code="b">Illinois</subfield><subfield code="c">Iroquois</subfield><subfield code="d">Cissna Park.</subfield></datafield><datafield ind1="1" ind2=" " tag="775"><subfield code="t">Rankin independent</subfield><subfield code="w">(DLC)sn 91055309</subfield><subfield code="w">(OCoLC)24396956</subfield></datafield><datafield ind1="0" ind2="0" tag="780"><subfield code="t">Cissna Park express</subfield><subfield code="w">(DLC)sn 91055993</subfield><subfield code="w">(OCoLC)23865235</subfield></datafield></record>